@BOOK{Tibi2011,
  Author    = {Daniel Tibi},
  Title     = {Kleine ägyptische Mönchsregeln. Regel des Antonius. Regel des Isaias},
  Publisher = {EOS},
  Address   = {St. Ottilien},
  Year      = {2011}
}
@ARTICLE{Gettier1963,
  Author  = {Edmund L. {Gettier III}},
  Title   = {Is Justified True Belief Knowledge?},
  Journal = {Analysis},
  Volume  = {23},
  Year    = {1963},
  Pages   = {121-123}
}
@MISC{Berkmann2020,
  Author  = {Berkmann, Burkhard},
  Title   = {Coronakrise und Religionsfreiheit},
  Url     = {https://www.nomokanon.de/nomokanon/article/view/189},
  Urldate = {2020-08-19},
  Doi     = {10.5282/nomokanon/189}
}
@online{key,
    url = {url},
    title = {title},
    author = {author},
    year = {year},
}